% reference for short descriptions

@article{sysfsub,
    title = {An Extension of System F with Subtyping},
    journal = {Information and Computation},
    volume = {109},
    number = {1},
    pages = {4-56},
    year = {1994},
    issn = {0890-5401},
    doi = {https://doi.org/10.1006/inco.1994.1013},
    url = {https://www.sciencedirect.com/science/article/pii/S0890540184710133},
    author = {L. Cardelli and S. Martini and J.C. Mitchell and A. Scedrov},
}

@article{2ltt,
  author =        {Danil Annenkov and Paolo Capriotti and Nicolai Kraus and Christian Sattler},
  journal =       {ArXiv e-prints},
  month =         {5},
  title =         {Two-Level Type Theory and Applications},
  year =          {2019},
  url =           {http://arxiv.org/abs/1705.03307},
}

@article{hott,
	url = {https://homotopytypetheory.org/book/},
	year = 2013,
	author = {The Univalent Foundations Program},
	title = {Homotopy Type Theory:
Univalent Foundations of Mathematics}
}

@article{2lttog,
  doi = {10.4230/LIPICS.CSL.2016.21},
  url = {http://drops.dagstuhl.de/opus/volltexte/2016/6561/},
  author = {Altenkirch, Thorsten and Capriotti, Paolo and Kraus, Nicolai},
  keywords = {Computer Science, 000 Computer science, knowledge, general works},
  language = {en},
  title = {Extending Homotopy Type Theory with Strict Equality},
  publisher = {Schloss Dagstuhl - Leibniz-Zentrum fuer Informatik GmbH, Wadern/Saarbruecken, Germany},
  year = {2016}
}


@book{2level,
author = {Nielson, Flemming and Nielson, Hanne Riis},
title = {Two-Level Functional Languages},
year = {1992},
isbn = {0521403847},
publisher = {Cambridge University Press},
address = {USA}
}

@inproceedings{miniml,
author = {Davies, Rowan and Pfenning, Frank},
title = {A Modal Analysis of Staged Computation},
year = {1996},
isbn = {0897917693},
publisher = {Association for Computing Machinery},
address = {New York, NY, USA},
url = {https://doi.org/10.1145/237721.237788},
doi = {10.1145/237721.237788},
booktitle = {Proceedings of the 23rd ACM SIGPLAN-SIGACT Symposium on Principles of Programming Languages},
pages = {258–270},
numpages = {13},
location = {St. Petersburg Beach, Florida, USA},
series = {POPL '96}
}

@article{unify,
author = {Stucki, Nicolas and Biboudis, Aggelos and Odersky, Martin},
title = {A Practical Unification of Multi-Stage Programming and Macros},
year = {2020},
issue_date = {September 2018},
publisher = {Association for Computing Machinery},
address = {New York, NY, USA},
volume = {53},
number = {9},
issn = {0362-1340},
url = {https://dl.acm.org/doi/10.1145/3393934.3278139},
doi = {10.1145/3393934.3278139},
journal = {SIGPLAN Not.},
month = {4},
pages = {14–27},
numpages = {14},
keywords = {Macros, Multi-stage programming, Scala}
}


@inproceedings{exhaustive,
author = {Liu, Fengyun},
title = {A Generic Algorithm for Checking Exhaustivity of Pattern Matching (Short Paper)},
year = {2016},
isbn = {9781450346481},
publisher = {Association for Computing Machinery},
address = {New York, NY, USA},
url = {https://dl.acm.org/doi/10.1145/2998392.2998401},
doi = {10.1145/2998392.2998401},
booktitle = {Proceedings of the 2016 7th ACM SIGPLAN Symposium on Scala},
pages = {61–64},
numpages = {4},
keywords = {Scala, exhaustivity check, pattern matching},
location = {Amsterdam, Netherlands},
series = {SCALA 2016}
}


@misc{CWF,
      title={Categories with Families: Unityped, Simply Typed, and Dependently Typed}, 
      author={Simon Castellan and Pierre Clairambault and Peter Dybjer},
      year={2020},
      eprint={1904.00827},
      archivePrefix={arXiv},
      primaryClass={cs.LO}
}