% references not mentioned
@article{union,
    author = {Castagna, Giuseppe and Laurent, Micka\"{e}l and Nguyundefinedn, Kim and Lutze, Matthew},
    title = {On Type-Cases, Union Elimination, and Occurrence Typing},
    year = {2022},
    issue_date = {January 2022},
    publisher = {Association for Computing Machinery},
    address = {New York, NY, USA},
    volume = {6},
    number = {POPL},
    url = {https://doi.org/10.1145/3498674},
    doi = {10.1145/3498674},
    journal = {Proc. ACM Program. Lang.},
    month = {jan},
    articleno = {13},
    numpages = {31},
    keywords = {dynamic languages, type systems, subtyping, union types, intersection types, type-case}
}

@article{10.1145/3434331,
    author = {Choudhury, Pritam and Eades III, Harley and Eisenberg, Richard A. and Weirich, Stephanie},
    title = {A Graded Dependent Type System with a Usage-Aware Semantics},
    year = {2021},
    issue_date = {January 2021},
    publisher = {Association for Computing Machinery},
    address = {New York, NY, USA},
    volume = {5},
    number = {POPL},
    url = {https://doi.org/10.1145/3434331},
    doi = {10.1145/3434331},
    journal = {Proc. ACM Program. Lang.},
    month = {jan},
    articleno = {50},
    numpages = {32},
    keywords = {heap semantics, quantitative reasoning, Irrelevance, linearity}
}

@article{10.1145/3547627,
    author = {Eremondi, Joseph and Garcia, Ronald and Tanter, \'{E}ric},
    title = {Propositional Equality for Gradual Dependently Typed Programming},
    year = {2022},
    issue_date = {August 2022},
    publisher = {Association for Computing Machinery},
    address = {New York, NY, USA},
    volume = {6},
    number = {ICFP},
    url = {https://doi.org/10.1145/3547627},
    doi = {10.1145/3547627},
    journal = {Proc. ACM Program. Lang.},
    month = {aug},
    articleno = {96},
    numpages = {29},
    keywords = {propositional equality, dependent types, gradual types}
}

@article{10.1145/3547637,
    author = {Ostermann, Klaus and Binder, David and Skupin, Ingo and S\"{u}berkr\"{u}b, Tim and Downen, Paul},
    title = {Introduction and Elimination, Left and Right},
    year = {2022},
    issue_date = {August 2022},
    publisher = {Association for Computing Machinery},
    address = {New York, NY, USA},
    volume = {6},
    number = {ICFP},
    url = {https://doi.org/10.1145/3547637},
    doi = {10.1145/3547637},
    journal = {Proc. ACM Program. Lang.},
    month = {aug},
    articleno = {106},
    numpages = {28},
    keywords = {Sequent Calculus, Natural Deduction, Duality}
}

@misc{CWF,
      title={Categories with Families: Unityped, Simply Typed, and Dependently Typed}, 
      author={Simon Castellan and Pierre Clairambault and Peter Dybjer},
      year={2020},
      eprint={1904.00827},
      archivePrefix={arXiv},
      primaryClass={cs.LO}
}